@article{giles2008multilevel,
  title={Multilevel Monte Carlo path simulation.},
  author={Giles, Michael B},
  journal={Operations Research},
  volume={56},
  number={3},
  pages={607--617},
  year={2008},
  publisher={INFORMS}
}

@article{heston1993closed,
  title={A closed-form solution for options with stochastic volatility with applications to bond and currency options},
  author={Heston, Steven L},
  journal={Review of financial studies},
  volume={6},
  number={2},
  pages={327--343},
  year={1993},
  publisher={Soc Financial Studies}
}